%%%%%%%%%%%%%%%%%%%%%%%%%%%%%%%%%%VARIABLES%%%%%%%%%%%%%%%%%%%%%%%%%%%%%
%
%
%%%%%%%%%%%%%%%%%%%%%%%%%%%%%%%%%%BIBLIOGRAPHY%%%%%%%%%%%%%%%%%%%%%%%%%%

@BOOK{schell2019art,
  AUTHOR=       "Schell, Jesse",
  TITLE=		"The Art of Game Design: A book of lenses",
  YEAR=			"2019",
  publisher=    "AK Peters/CRC Press" }

@article{breault2018let,
  title={Let CONAN tell you a story: Procedural quest generation},
  author={Breault, Vincent and Ouellet, S{\'e}bastien and Davies, Jim},
  journal={arXiv preprint arXiv:1808.06217},
  year={2018}
}

@article{doran2010towards,
  title={Towards procedural quest generation: A structural analysis of RPG quests},
  author={Doran, Jonathon and Parberry, Ian},
  journal={Dept. Comput. Sci. Eng., Univ. North Texas, Tech. Rep. LARC-2010-02},
  year={2010}
}

@incollection{cheong2016planning,
  title={Planning with applications to quests and story},
  author={Cheong, Yun-Gyung and Riedl, Mark O and Bae, Byung-Chull and Nelson, Mark J},
  booktitle={Procedural Content Generation in Games},
  pages={123--141},
  year={2016},
  publisher={Springer}
}

@inproceedings{garbe2019storyassembler,
  title={StoryAssembler: An engine for generating dynamic choice-driven narratives},
  author={Garbe, Jacob and Kreminski, Max and Samuel, Ben and Wardrip-Fruin, Noah and Mateas, Michael},
  booktitle={Proceedings of the 14th International Conference on the Foundations of Digital Games},
  pages={24},
  year={2019},
  organization={ACM}
}

@inproceedings{doran2011prototype,
  title={A prototype quest generator based on a structural analysis of quests from four MMORPGs},
  author={Doran, Jonathon and Parberry, Ian},
  booktitle={Proceedings of the 2nd international workshop on procedural content generation in games},
  pages={1},
  year={2011},
  organization={ACM}
}

@incollection{riedl2011game,
  title={Game AI as storytelling},
  author={Riedl, Mark and Thue, David and Bulitko, Vadim},
  booktitle={Artificial intelligence for computer games},
  pages={125--150},
  year={2011},
  publisher={Springer}
}

@inproceedings{yu2012sequential,
  title={A sequential recommendation approach for interactive personalized story generation},
  author={Yu, Hong and Riedl, Mark O},
  booktitle={Proceedings of the 11th International Conference on Autonomous Agents and Multiagent Systems-Volume 1},
  pages={71--78},
  year={2012},
  organization={International Foundation for Autonomous Agents and Multiagent Systems}
}


@article{young2007story,
  title={Story and discourse: A bipartite model of narrative generation in virtual worlds},
  author={Young, R Michael},
  journal={Interaction Studies},
  volume={8},
  number={2},
  pages={177--208},
  year={2007},
  publisher={John Benjamins}
}

@article{de2018player,
  title={Player behavior and personality modeling for interactive storytelling in games},
  author={de Lima, Edirlei Soares and Feij{\'o}, Bruno and Furtado, Antonio L},
  journal={Entertainment Computing},
  volume={28},
  pages={32--48},
  year={2018},
  publisher={Elsevier}
}

% ---------------------------------------------------------------------
